@book{zhou2010chinatown,
  title={Chinatown: The socioeconomic potential of an urban enclave},
  author={Zhou, Min},
  year={2010},
  publisher={Temple University Press}
}

@article{jia2010chinatown,
  title={Chinatown transformed: Ideology, power, and resources in narrative place-making},
  author={Jia Lou, Jackie},
  journal={Discourse Studies},
  volume={12},
  number={5},
  pages={625--647},
  year={2010},
  publisher={SAGE Publications Sage UK: London, England}
}

@online{census2010chi,
  title = {Chinese Diaspora Across the World: A General Overview},
  year = 2010,
  url = {https://www.culturaldiplomacy.org/academy/index.php?chinese-diaspora},
  urldate = {2021-06-12}
}

@online{census2020chi,
  title = {Overseas Chinese},
  year = 2020,
  url = {https://en.wikipedia.org/wiki/Overseas_Chinese#cite_note-},
  urldate = {2021-06-12}
}

@online{foursquare,
  title = {Foursquare main site},
  year = 2021,
  url = {foursquare.com},
  urldate = {2021-06-20}
}